<record><leader>00000cas a22000007a 4500</leader><controlfield tag="001">17870391</controlfield><controlfield tag="008">880429d18951uuulauwr ne      0    0fre d</controlfield><datafield ind1=" " ind2=" " tag="010"><subfield code="a">sn 88064369 </subfield></datafield><datafield ind1=" " ind2=" " tag="040"><subfield code="a">LNP</subfield><subfield code="b">eng</subfield><subfield code="c">LNP</subfield><subfield code="d">OCL</subfield><subfield code="d">OCLCQ</subfield></datafield><datafield ind1="0" ind2=" " tag="041"><subfield code="a">freeng</subfield></datafield><datafield ind1=" " ind2=" " tag="042"><subfield code="a">msc</subfield></datafield><datafield ind1="0" ind2="3" tag="245"><subfield code="a">Le Republicain de St. Jacques.</subfield></datafield><datafield ind1="3" ind2="0" tag="246"><subfield code="a">Republicain de Saint Jacques</subfield></datafield><datafield ind1="1" ind2="3" tag="246"><subfield code="a">St. James Republican</subfield></datafield><datafield ind1=" " ind2=" " tag="260"><subfield code="a">Couvent, St. Jacques, Le. [i.e. Convent, St. James, La. :</subfield><subfield code="b">s.n.]</subfield></datafield><datafield ind1=" " ind2=" " tag="310"><subfield code="a">Weekly</subfield></datafield><datafield ind1="1" ind2=" " tag="362"><subfield code="a">Began in 1895?</subfield></datafield><datafield ind1=" " ind2=" " tag="546"><subfield code="a">In French and English.</subfield></datafield><datafield ind1=" " ind2=" " tag="588"><subfield code="a">Description based on: Vol. 1, no 16 (7 mars, 1896).</subfield></datafield><datafield ind1=" " ind2=" " tag="752"><subfield code="a">United States</subfield><subfield code="b">Louisiana</subfield><subfield code="c">Saint James</subfield><subfield code="d">Convent.</subfield></datafield><datafield ind1=" " ind2=" " tag="752"><subfield code="a">United States</subfield><subfield code="b">Louisiana</subfield><subfield code="c">Saint James</subfield><subfield code="d">Saint James.</subfield></datafield></record>